@online{10YInvVic,
	title = {Strengthening Australia’s cities and regions The Australian Government’s 10 Year Investment in Infrastructure},
	year = 2018,
	url = {https://buildingourfuture.gov.au/assets/documents/strengthening_australias_cities_and_regions.pdf},
	urldate = {2019-01-30}
}

@article{ye2009neural,
	title={Neural network short-term traffic flow forecasting model based on particle swarm optimization},
	author={Ye, Yan and Lu, Zhi-Lin},
	journal={Computer Engineering and Design},
	volume={30},
	number={18},
	pages={4296--4298},
	year={2009},
	publisher={China Aerospace Science \& Industry Corporation, P. O. Box 142 Beijing 100854 People's People's Republic of China}
}

@article{cao2007robust,
	title={A robust shot transition detection method based on support vector machine in compressed domain},
	author={Cao, Jianrong and Cai, Anni},
	journal={Pattern Recognition Letters},
	volume={28},
	number={12},
	pages={1534--1540},
	year={2007},
	publisher={Elsevier}
}

@article{feldman2013techniques,
	title={Techniques and applications for sentiment analysis},
	author={Feldman, Ronen},
	journal={Communications of the ACM},
	volume={56},
	number={4},
	pages={82--89},
	year={2013},
	publisher={ACM}
}

@article{lipsitz1991generalized,
  title={Generalized estimating equations for correlated binary data: using the odds ratio as a measure of association},
  author={Lipsitz, Stuart R and Laird, Nan M and Harrington, David P},
  journal={Biometrika},
  volume={78},
  number={1},
  pages={153--160},
  year={1991},
  publisher={Oxford University Press}
}

@article{cornfield1951method,
  title={A method of estimating comparative rates from clinical data. Applications to cancer of the lung, breast, and cervix},
  author={Cornfield, Jerome},
  journal={Journal of the National Cancer Institute},
  volume={11},
  number={6},
  pages={1269--1275},
  year={1951},
  publisher={Oxford University Press}
}

@article{mosteller1968association,
  title={Association and estimation in contingency tables},
  author={Mosteller, Frederick},
  journal={Journal of the American Statistical Association},
  volume={63},
  number={321},
  pages={1--28},
  year={1968},
  publisher={Taylor \& Francis}
}